<record><leader>00000cas a2200000 a 4500</leader><controlfield tag="001">55748485</controlfield><controlfield tag="008">040628d18811883caumr ne      0    0fre c</controlfield><datafield ind1=" " ind2=" " tag="010"><subfield code="a">sn2004061956</subfield></datafield><datafield ind1=" " ind2=" " tag="040"><subfield code="a">NVF</subfield><subfield code="b">eng</subfield><subfield code="c">NVF</subfield><subfield code="d">OCLCQ</subfield><subfield code="d">OCLCF</subfield><subfield code="d">OCLCO</subfield></datafield><datafield ind1="1" ind2=" " tag="029"><subfield code="a">AU@</subfield><subfield code="b">000025930115</subfield></datafield><datafield ind1=" " ind2=" " tag="042"><subfield code="a">pcc</subfield></datafield><datafield ind1=" " ind2=" " tag="043"><subfield code="a">n-us-ca</subfield></datafield><datafield ind1="0" ind2="2" tag="245"><subfield code="a">L'Etoile des pauvres et des souffrants.</subfield></datafield><datafield ind1=" " ind2=" " tag="260"><subfield code="a">Saint-Helena, Napa County, Calif. :</subfield><subfield code="b">Jules Leroux,</subfield><subfield code="c">1881-1883.</subfield></datafield><datafield ind1=" " ind2=" " tag="300"><subfield code="a">v.</subfield></datafield><datafield ind1=" " ind2=" " tag="310"><subfield code="a">Monthly</subfield></datafield><datafield ind1="0" ind2=" " tag="362"><subfield code="a">Huitie&#768;me annee, no 1 (1 janv. 1881)-dixie&#768;me annee, no 23 (24 oct. 1883).</subfield></datafield><datafield ind1=" " ind2=" " tag="500"><subfield code="a">Published in Cloverdale, Calif., Oct. 1881-1883.</subfield></datafield><datafield ind1=" " ind2="0" tag="650"><subfield code="a">Icarian movement</subfield><subfield code="z">California</subfield><subfield code="v">Newspapers.</subfield></datafield><datafield ind1=" " ind2="0" tag="651"><subfield code="a">Saint Helena (Calif.)</subfield><subfield code="v">Newspapers.</subfield></datafield><datafield ind1=" " ind2="0" tag="651"><subfield code="a">Cloverdale (Calif.)</subfield><subfield code="v">Newspapers.</subfield></datafield><datafield ind1=" " ind2="7" tag="655"><subfield code="a">Newspapers.</subfield><subfield code="2">fast</subfield><subfield code="0">(OCoLC)fst01423814</subfield></datafield><datafield ind1=" " ind2="7" tag="650"><subfield code="a">Icarian movement.</subfield><subfield code="2">fast</subfield><subfield code="0">(OCoLC)fst00966498</subfield></datafield><datafield ind1=" " ind2="7" tag="651"><subfield code="a">California.</subfield><subfield code="2">fast</subfield><subfield code="0">(OCoLC)fst01204928</subfield></datafield><datafield ind1=" " ind2="7" tag="651"><subfield code="a">California</subfield><subfield code="z">Cloverdale.</subfield><subfield code="2">fast</subfield><subfield code="0">(OCoLC)fst01226569</subfield></datafield><datafield ind1=" " ind2="7" tag="651"><subfield code="a">California</subfield><subfield code="z">Saint Helena.</subfield><subfield code="2">fast</subfield><subfield code="0">(OCoLC)fst01208065</subfield></datafield><datafield ind1=" " ind2=" " tag="752"><subfield code="a">United States</subfield><subfield code="b">California</subfield><subfield code="c">Sonoma</subfield><subfield code="d">Cloverdale.</subfield></datafield><datafield ind1=" " ind2=" " tag="752"><subfield code="a">United States</subfield><subfield code="b">California</subfield><subfield code="c">Napa</subfield><subfield code="d">Saint Helena.</subfield></datafield><datafield ind1="0" ind2="0" tag="780"><subfield code="t">Etoile du Kansas de l'Iowa</subfield><subfield code="w">(DLC)sn2004061955</subfield></datafield></record>